@article{Otsuka2009,
author = {Otsuka, Takeshi and Kawaguchi, Yasuo},
doi = {10.1523/JNEUROSCI.2219-09.2009},
file = {:home/shrisha/Documents/lab/papers/Otsuka, Kawaguchi\_2009\_Cortical inhibitory cell types differentially form intralaminar and interlaminar subnetworks with excitatory neur.pdf:pdf},
issn = {1529-2401},
journal = {The Journal of neuroscience : the official journal of the Society for Neuroscience},
keywords = {Action Potentials,Action Potentials: physiology,Analysis of Variance,Animals,Electric Stimulation,Excitatory Postsynaptic Potentials,Excitatory Postsynaptic Potentials: drug effects,Excitatory Postsynaptic Potentials: physiology,Frontal Lobe,Frontal Lobe: cytology,In Vitro Techniques,Inhibitory Postsynaptic Potentials,Inhibitory Postsynaptic Potentials: physiology,Nerve Net,Nerve Net: cytology,Nerve Net: physiology,Neural Inhibition,Neural Inhibition: physiology,Neurons,Neurons: classification,Neurons: physiology,Newborn,Nonparametric,Patch-Clamp Techniques,Patch-Clamp Techniques: methods,Rats,Statistics,Synapses,Synapses: physiology,Wistar,bidirectionality,ei reciprocity},
mendeley-groups = {phd},
mendeley-tags = {bidirectionality,ei reciprocity},
month = aug,
number = {34},
pages = {10533--40},
pmid = {19710306},
title = {{Cortical inhibitory cell types differentially form intralaminar and interlaminar subnetworks with excitatory neurons.}},
url = {http://www.ncbi.nlm.nih.gov/pubmed/19710306},
volume = {29},
year = {2009}
}

@article{Avermann2012,
author = {Avermann, M. and Tomm, C. and Mateo, C. and Gerstner, W. and Petersen, C. C. H.},
doi = {10.1152/jn.00917.2011},
file = {:home/shrisha/Documents/lab/papers/Avermann et al.\_2012\_Microcircuits of excitatory and inhibitory neurons in layer 23 of mouse barrel cortex.pdf:pdf},
issn = {0022-3077},
journal = {Journal of Neurophysiology},
mendeley-groups = {phd},
month = mar,
number = {11},
pages = {3116--3134},
title = {{Microcircuits of excitatory and inhibitory neurons in layer 2/3 of mouse barrel cortex}},
url = {http://jn.physiology.org/cgi/doi/10.1152/jn.00917.2011},
volume = {107},
year = {2012}
}

@article{Ma2010,
author = {Ma, W.-p. and Liu, B.-h. and Li, Y.-t. and {Josh Huang}, Z. and Zhang, L. I. and Tao, H. W.},
doi = {10.1523/JNEUROSCI.3248-10.2010},
file = {:home/shrisha/Documents/lab/papers/Ma et al.\_2010\_Visual Representations by Cortical Somatostatin Inhibitory Neurons--Selective But with Weak and Delayed Responses.pdf:pdf},
issn = {0270-6474},
journal = {Journal of Neuroscience},
keywords = {sharp inhibitory tuning},
mendeley-groups = {phd},
mendeley-tags = {sharp inhibitory tuning},
month = oct,
number = {43},
pages = {14371--14379},
title = {{Visual Representations by Cortical Somatostatin Inhibitory Neurons--Selective But with Weak and Delayed Responses}},
url = {http://www.jneurosci.org/cgi/doi/10.1523/JNEUROSCI.3248-10.2010},
volume = {30},
year = {2010}
}

@article{Runyan2010,
author = {Runyan, Caroline a and Schummers, James and {Van Wart}, Audra and Kuhlman, Sandra J and Wilson, Nathan R and Huang, Z Josh and Sur, Mriganka},
doi = {10.1016/j.neuron.2010.08.006},
file = {:home/shrisha/Documents/lab/papers/Runyan et al.\_2010\_Response features of parvalbumin-expressing interneurons suggest precise roles for subtypes of inhibition in visual c.pdf:pdf},
issn = {1097-4199},
journal = {Neuron},
keywords = {Animals,Biophysics,Calcium,Calcium: metabolism,Electric Stimulation,Electric Stimulation: methods,Glutamate Decarboxylase,Glutamate Decarboxylase: genetics,Green Fluorescent Proteins,Green Fluorescent Proteins: genetics,Inbred C57BL,Interneurons,Interneurons: classification,Interneurons: physiology,Luminescent Proteins,Luminescent Proteins: genetics,Membrane Potentials,Membrane Potentials: physiology,Mice,Neural Inhibition,Neural Inhibition: physiology,Parvalbumins,Parvalbumins: metabolism,Patch-Clamp Techniques,Patch-Clamp Techniques: methods,Photic Stimulation,Photic Stimulation: methods,Photons,Photons: diagnostic use,Sharp inhibitory tuning,Transgenic,Visual Cortex,Visual Cortex: cytology,Visual Pathways,Visual Pathways: physiology,gamma-Aminobutyric Acid,gamma-Aminobutyric Acid: metabolism},
mendeley-groups = {phd},
mendeley-tags = {Sharp inhibitory tuning},
month = sep,
number = {5},
pages = {847--57},
pmid = {20826315},
publisher = {Elsevier Inc.},
title = {{Response features of parvalbumin-expressing interneurons suggest precise roles for subtypes of inhibition in visual cortex.}},
url = {http://www.pubmedcentral.nih.gov/articlerender.fcgi?artid=2948796\&tool=pmcentrez\&rendertype=abstract},
volume = {67},
year = {2010}
}

@article{kerlin2010broadly,
  title={Broadly tuned response properties of diverse inhibitory neuron subtypes in mouse visual cortex},
  author={Kerlin, Aaron M and Andermann, Mark L and Berezovskii, Vladimir K and Reid, R Clay},
  journal={Neuron},
  volume={67},
  number={5},
  pages={858--871},
  year={2010},
  publisher={Elsevier}
}
@article{kameyama2010difference,
  title={Difference in binocularity and ocular dominance plasticity between GABAergic and excitatory cortical neurons},
  author={Kameyama, Katsuro and Sohya, Kazuhiro and Ebina, Teppei and Fukuda, Atsuo and Yanagawa, Yuchio and Tsumoto, Tadaharu},
  journal={The Journal of Neuroscience},
  volume={30},
  number={4},
  pages={1551--1559},
  year={2010},
  publisher={Soc Neuroscience}
}
@article{sohya2007gabaergic,
  title={GABAergic neurons are less selective to stimulus orientation than excitatory neurons in layer II/III of visual cortex, as revealed by in vivo functional Ca2+ imaging in transgenic mice},
  author={Sohya, Kazuhiro and Kameyama, Katsuro and Yanagawa, Yuchio and Obata, Kunihiko and Tsumoto, Tadaharu},
  journal={The Journal of neuroscience},
  volume={27},
  number={8},
  pages={2145--2149},
  year={2007},
  publisher={Soc Neuroscience}
}
@article{liu2009visual,
  title={Visual receptive field structure of cortical inhibitory neurons revealed by two-photon imaging guided recording},
  author={Liu, Bao-hua and Li, Pingyang and Li, Ya-tang and Sun, Yujiao J and Yanagawa, Yuchio and Obata, Kunihiko and Zhang, Li I and Tao, Huizhong W},
  journal={The Journal of Neuroscience},
  volume={29},
  number={34},
  pages={10520--10532},
  year={2009},
  publisher={Soc Neuroscience}
}
@article{niell2008highly,
  title={Highly selective receptive fields in mouse visual cortex},
  author={Niell, Cristopher M and Stryker, Michael P},
  journal={The Journal of Neuroscience},
  volume={28},
  number={30},
  pages={7520--7536},
  year={2008},
  publisher={Soc Neuroscience}
}
@article{ohki2007specificity,
  title={Specificity and randomness in the visual cortex},
  author={Ohki, Kenichi and Reid, R Clay},
  journal={Current opinion in neurobiology},
  volume={17},
  number={4},
  pages={401--407},
  year={2007},
  publisher={Elsevier}
}
@article{powell1959some,
  title={Some aspects of the functional organization of the cortex of the postcentral gyrus of the monkey: a correlation of findings obtained in a single unit analysis with cytoarchitecture},
  author={Powell, THOMAS PS and Mountcastle, VERNON B},
  journal={Bull Johns Hopkins Hosp},
  volume={105},
  number={133-62},
  year={1959}
}
@article{Ji2015,
author = {Ji, Xu-Ying and Zingg, Brian and Mesik, Lukas and Xiao, Zhongju and Zhang, Li I and Tao, Huizhong W},
doi = {10.1093/cercor/bhv099},
file = {:home/shrisha/Documents/lab/papers/Ji et al.\_2015\_Thalamocortical Innervation Pattern in Mouse Auditory and Visual Cortex Laminar and Cell-Type Specificity.pdf:pdf},
issn = {1460-2199},
journal = {Cerebral cortex (New York, N.Y. : 1991)},
keywords = {cortical inhibitory neuron,laminar distribution,pyramidal cell,sensory cortex,som neuron,thalamic innervation,thalamocortical projection,vip neuron},
mendeley-groups = {phd},
month = may,
pages = {1--14},
pmid = {25979090},
title = {{Thalamocortical Innervation Pattern in Mouse Auditory and Visual Cortex: Laminar and Cell-Type Specificity.}},
url = {http://www.ncbi.nlm.nih.gov/pubmed/25979090},
year = {2015}
}

@article{Hansel2012,
author = {Hansel, David and van Vreeswijk, Carl},
doi = {10.1523/JNEUROSCI.6284-11.2012},
file = {:home/shrisha/.local/share/data/Mendeley Ltd./Mendeley Desktop/Downloaded/Hansel, van Vreeswijk - 2012 - The mechanism of orientation selectivity in primary visual cortex without a functional map(2).pdf:pdf},
issn = {1529-2401},
journal = {The Journal of neuroscience},
keywords = {Action Potentials,Action Potentials: physiology,Algorithms,Animals,Biophysical Processes,Biophysical Processes: physiology,Computer Simulation,Excitatory Postsynaptic Potentials,Excitatory Postsynaptic Potentials: physiology,Models, Neurological,Nerve Net,Nerve Net: physiology,Neural Inhibition,Neural Inhibition: physiology,Neurons,Neurons: physiology,Nonlinear Dynamics,Orientation,Orientation: physiology,Visual Cortex,Visual Cortex: cytology,Visual Pathways,Visual Pathways: physiology},
mendeley-groups = {phd},
month = mar,
number = {12},
pages = {4049--64},
pmid = {22442071},
title = {{The mechanism of orientation selectivity in primary visual cortex without a functional map.}},
url = {http://www.ncbi.nlm.nih.gov/pubmed/22442071},
volume = {32},
year = {2012}
}

@article{Song2005,
author = {Song, Sen and Sj\"{o}str\"{o}m, Per Jesper and Reigl, Markus and Nelson, Sacha and Chklovskii, Dmitri B},
doi = {10.1371/journal.pbio.0030068},
file = {:home/shrisha/Documents/lab/papers/Song et al. - 2005 - Highly nonrandom features of synaptic connectivity in local cortical circuits.pdf:pdf},
issn = {1545-7885},
journal = {PLoS biology},
keywords = {Animals,Cell Communication,Cell Communication: physiology,Neural Pathways,Neural Pathways: physiology,Neuronal Plasticity,Neurons,Neurons: physiology,Rats,Signal Transduction,Synapses,Synapses: physiology,Visual Cortex,Visual Cortex: physiology},
mendeley-groups = {phd},
month = mar,
number = {3},
pages = {e68},
pmid = {15737062},
title = {{Highly nonrandom features of synaptic connectivity in local cortical circuits.}},
url = {http://www.pubmedcentral.nih.gov/articlerender.fcgi?artid=1054880\&tool=pmcentrez\&rendertype=abstract},
volume = {3},
year = {2005}
}

@article{Holt1996,
author = {Holt, G R and Softky, R and Koch, C and Douglas, R J},
file = {:home/shrisha/Documents/lab/papers/Softky et al.\_1996\_Comparison of Discharge Variability Visual Cortex Neurons In Vitro and In Vivo in Cat.pdf:pdf},
mendeley-groups = {phd},
number = {5},
pages = {1806--1814},
title = {{Comparison of Discharge Variability Visual Cortex Neurons In Vitro and In Vivo in Cat}},
volume = {75},
year = {1996}
}

@article{Perin2011,
author = {Perin, Rodrigo and Berger, Thomas K and Markram, Henry},
doi = {10.1073/pnas.1016051108},
file = {:home/shrisha/Documents/lab/papers/Perin, Berger, Markram - 2011 - A synaptic organizing principle for cortical neuronal groups.pdf:pdf},
issn = {1091-6490},
journal = {Proceedings of the National Academy of Sciences of the United States of America},
keywords = {Animals,Cerebral Cortex,Cerebral Cortex: cytology,Models, Neurological,Nerve Net,Nerve Net: anatomy \& histology,Patch-Clamp Techniques,Pyramidal Cells,Pyramidal Cells: cytology,Pyramidal Cells: physiology,Rats,Rats, Wistar,Synapses,Synapses: physiology,Synapses: ultrastructure},
mendeley-groups = {phd},
month = mar,
number = {13},
pages = {5419--24},
pmid = {21383177},
title = {{A synaptic organizing principle for cortical neuronal groups.}},
url = {http://www.pubmedcentral.nih.gov/articlerender.fcgi?artid=3069183\&tool=pmcentrez\&rendertype=abstract},
volume = {108},
year = {2011}
}

@misc{carl2004,
author = {van Vreeswijk, Carl},
file = {:home/shrisha/Documents/lab/papers/hs\_scanned\_chapter-9.pdf:pdf},
mendeley-groups = {phd},
publisher = {Les Houches},
title = {{Irregular activity in large network of neurons (Les Houches)}},
year = {2004}
}

@article{carl1998,
  title={Chaotic balanced state in a model of cortical circuits},
  author={Vreeswijk, Carl van and Sompolinsky, Haim},
  journal={Neural computation},
  volume={10},
  number={6},
  pages={1321--1371},
  year={1998},
  publisher={MIT Press}
}

@article{carl1996,
  title={Chaos in neuronal networks with balanced excitatory and inhibitory activity},
  author={van Vreeswijk, Carl and Sompolinsky, Haim},
  journal={Science},
  volume={274},
  number={5293},
  pages={1724--1726},
  year={1996},
  publisher={American Association for the Advancement of Science}
}
@article{roxin2011,
  title={On the distribution of firing rates in networks of cortical neurons},
  author={Roxin, Alex and Brunel, Nicolas and Hansel, David and Mongillo, Gianluigi and van Vreeswijk, Carl},
  journal={The Journal of Neuroscience},
  volume={31},
  number={45},
  pages={16217--16226},
  year={2011},
  publisher={Soc Neuroscience}
}

@article{softky1993,
  title={The highly irregular firing of cortical cells is inconsistent with temporal integration of random EPSPs},
  author={Softky, William R and Koch, Christof},
  journal={The Journal of Neuroscience},
  volume={13},
  number={1},
  pages={334--350},
  year={1993},
  publisher={Soc Neuroscience}
}
@article{markram1997,
  title={A network of tufted layer 5 pyramidal neurons.},
  author={Markram, Henry},
  journal={Cerebral Cortex},
  volume={7},
  number={6},
  pages={523--533},
  year={1997},
  publisher={Oxford Univ Press}
}
@article{thomson2002,
  title={Synaptic connections and small circuits involving excitatory and inhibitory neurons in layers 2--5 of adult rat and cat neocortex: triple intracellular recordings and biocytin labelling in vitro},
  author={Thomson, Alex M and West, David C and Wang, Yun and Bannister, A Peter},
  journal={Cerebral cortex},
  volume={12},
  number={9},
  pages={936--953},
  year={2002},
  publisher={Oxford Univ Press}
}

@article{wang1996,
  title={Gamma oscillation by synaptic inhibition in a hippocampal interneuronal network model},
  author={Wang, Xiao-Jing and Buzs{\'a}ki, Gy{\"o}rgy},
  journal={The journal of Neuroscience},
  volume={16},
  number={20},
  pages={6402--6413},
  year={1996},
  publisher={Soc Neuroscience}
}

@article{Tan2014,
author = {Tan, Andrew Y Y and Chen, Yuzhi and Scholl, Benjamin and Seidemann, Eyal and Priebe, Nicholas J},
doi = {10.1038/nature13159},
file = {:home/shrisha/Documents/lab/papers/Tan et al.\_2014\_Sensory stimulation shifts visual cortex from synchronous to asynchronous states.pdf:pdf},
issn = {1476-4687},
journal = {Nature},
keywords = {Action Potentials,Animals,Fixation, Ocular,Fixation, Ocular: physiology,Macaca mulatta,Male,Models, Neurological,Neurons,Neurons: metabolism,Photic Stimulation,Synapses,Synapses: metabolism,Visual Cortex,Visual Cortex: cytology,Visual Cortex: physiology},
mendeley-groups = {phd},
month = may,
number = {7499},
pages = {226--9},
pmid = {24695217},
publisher = {Nature Publishing Group},
title = {{Sensory stimulation shifts visual cortex from synchronous to asynchronous states.}},
url = {http://www.pubmedcentral.nih.gov/articlerender.fcgi?artid=4067243\&tool=pmcentrez\&rendertype=abstract},
volume = {509},
year = {2014}
}

@article{Yoshimura2005,
author = {Yoshimura, Yumiko and Callaway, Edward M},
doi = {10.1038/nn1565},
file = {:home/shrisha/Documents/lab/papers/Yoshimura, Callaway\_2005\_Fine-scale specificity of cortical networks depends on inhibitory cell type and connectivity.pdf:pdf},
issn = {1097-6256},
journal = {Nature neuroscience},
mendeley-groups = {phd},
month = nov,
number = {11},
pages = {1552--9},
pmid = {16222228},
title = {{Fine-scale specificity of cortical networks depends on inhibitory cell type and connectivity.}},
url = {http://www.ncbi.nlm.nih.gov/pubmed/16222228},
volume = {8},
year = {2005}
}


@article{megard1987spin,
  title={Spin glass theory and beyond},
  author={Megard, Marc and Parisi, Giorgio and Virasoo, Miguel Angel},
  year={1987}
}

@article{Crisanti1988,
author = {Crisanti, A and Sompolinsky, Haim},
file = {:home/shrisha/Documents/lab/papers/PhysRevA.37.4865.pdf:pdf},
journal = {PRA},
mendeley-groups = {phd},
number = {12},
title = {{Dynamics of spin systems with randomly asymmetric bonds: Ising spins and Glanber dynamics}},
volume = {37},
year = {1988}
}

@article{Crisanti1987,
author = {Crisanti, A. and Sompolinsky, H.},
file = {:home/shrisha/Documents/lab/papers/Crisanti, Sompolinsky\_1987\_Dynamics of spin systems with randomly asymmetric bonds Langevin dynamics and a spherical model.pdf:pdf},
journal = {PHYSICAL REVIEW A},
mendeley-groups = {phd},
number = {10},
pages = {4922--4939},
title = {{Dynamics of spin systems with randomly asymmetric bonds: Langevin dynamics and a spherical model}},
volume = {36},
year = {1987}
}

